<?xml version="1.0" encoding="UTF-8"?><collection xmlns="http://www.loc.gov/MARC21/slim"><record><leader>00349nam--2200121-i-4500</leader><controlfield tag="001">000043125</controlfield><controlfield tag="002">20161230</controlfield><controlfield tag="005">20161230201043</controlfield><controlfield tag="008">060222s1000------------r-----000-0-eng-d</controlfield><datafield ind1=" " ind2=" " tag="100"><subfield code="a">Sunde,Erling D</subfield></datafield><datafield ind1=" " ind2=" " tag="245"><subfield code="a">Earth conduction effects in transmission systems</subfield></datafield><datafield ind1=" " ind2=" " tag="260"><subfield code="a">Toronto,New-york,London,D.Van Nostrand Comp.Inc.,1949. Xiii + 373 P</subfield></datafield><datafield ind1=" " ind2=" " tag="852"><subfield code="a">848</subfield></datafield></record></collection>